<record><leader>00000cas a22000007a 4500</leader><controlfield tag="001">23161992</controlfield><controlfield tag="008">910227d19241933couwr ne      0    0eng d</controlfield><datafield ind1=" " ind2=" " tag="010"><subfield code="a">sn 91052234 </subfield></datafield><datafield ind1=" " ind2=" " tag="040"><subfield code="a">CNQ</subfield><subfield code="b">eng</subfield><subfield code="c">CNQ</subfield><subfield code="d">OCLCQ</subfield></datafield><datafield ind1=" " ind2=" " tag="042"><subfield code="a">msc</subfield></datafield><datafield ind1="0" ind2=" " tag="130"><subfield code="a">Independent (Walsenburg, Colo. : 1924)</subfield></datafield><datafield ind1="1" ind2="4" tag="245"><subfield code="a">The independent.</subfield></datafield><datafield ind1="1" ind2="7" tag="246"><subfield code="a">Walsenburg independent</subfield></datafield><datafield ind1=" " ind2=" " tag="260"><subfield code="a">Walsenburg, Colo. :</subfield><subfield code="b">Independent Pub. Co.</subfield></datafield><datafield ind1=" " ind2=" " tag="300"><subfield code="a">v.</subfield></datafield><datafield ind1=" " ind2=" " tag="310"><subfield code="a">Weekly,</subfield><subfield code="b">Dec. 13, 1929-May 12, 1933</subfield></datafield><datafield ind1=" " ind2=" " tag="321"><subfield code="a">Semiweekly,</subfield><subfield code="b">Jan. 1, 1924-Dec. 6, 1929</subfield></datafield><datafield ind1="0" ind2=" " tag="362"><subfield code="a">Vol. 16, no. 7 (Jan. 1, 1924)-v. 46, no. 24 (May 12, 1933).</subfield></datafield><datafield ind1=" " ind2=" " tag="515"><subfield code="a">Numbering is irregular.</subfield></datafield><datafield ind1=" " ind2=" " tag="530"><subfield code="a">Available on microfilm from the Colorado Historical Society.</subfield></datafield><datafield ind1=" " ind2=" " tag="752"><subfield code="a">United States</subfield><subfield code="b">Colorado</subfield><subfield code="c">Huerfano</subfield><subfield code="d">Walsenburg.</subfield></datafield><datafield ind1="0" ind2="0" tag="780"><subfield code="t">Independent y el imparcial</subfield><subfield code="w">(DLC)sn 91052235</subfield></datafield><datafield ind1="0" ind2="7" tag="785"><subfield code="t">Walsenburg world</subfield><subfield code="w">(DLC)sn 91052233</subfield></datafield><datafield ind1="0" ind2="7" tag="785"><subfield code="t">World-independent</subfield><subfield code="w">(DLC)sn 90051834</subfield></datafield></record>